@article{rizzoli2007ant,
  title={Ant colony optimization for real-world vehicle routing problems},
  author={Rizzoli, Andrea Emilio and Montemanni, Roberto and Lucibello, Enzo and Gambardella, Luca Maria},
  journal={Swarm Intelligence},
  volume={1},
  number={2},
  pages={135--151},
  year={2007},
  publisher={Springer}
}

@inproceedings{grefenstette1985genetic,
  title={Genetic algorithms for the traveling salesman problem},
  author={Gopal, Rajeev and Rosmaita, Brian and Van Gucht, Dirk},
  booktitle={Proceedings of the first International Conference on Genetic Algorithms and their Applications},
  volume={160},
  number={168},
  pages={160--168},
  organization={Lawrence Erlbaum}
}

@inproceedings{schabauer2005solving,
  title={Solving very large traveling salesman problems by SOM parallelization on cluster architectures},
  author={Schabauer, Hannes and Schikuta, Erich and Weishaupl, Thomas},
  booktitle={Sixth International Conference on Parallel and Distributed Computing Applications and Technologies (PDCAT'05)},
  pages={954--958},
  year={2005},
  organization={IEEE}
}

@phdthesis{larsen2000dynamic,
  title={The dynamic vehicle routing problem},
  author={Larsen, Allan and Madsen, OB},
  year={2000},
  school={Institute of Mathematical Modelling, Technical University of Denmark}
}

@article{homberger2005two,
  title={A two-phase hybrid metaheuristic for the vehicle routing problem with time windows},
  author={Homberger, J{\"o}rg and Gehring, Hermann},
  journal={European journal of operational research},
  volume={162},
  number={1},
  pages={220--238},
  year={2005},
  publisher={Elsevier}
}

@article{ali2020enhanced,
  title={An enhanced hybrid genetic algorithm for solving traveling salesman problem},
  author={Ali, Zeravan Arif and Rasheed, Subhi Ahmed and Ali, N Noâ€™man},
  journal={Indonesia Journal of Electrical Engineering and Computuper Science},
  volume={18},
  number={2},
  pages={1035--1039},
  year={2020}
}

@article{ding2007two,
  title={Two-level genetic algorithm for clustered traveling salesman problem with application in large-scale TSPs},
  author={Ding, Chao and Cheng, Ye and He, Miao},
  journal={Tsinghua Science \& Technology},
  volume={12},
  number={4},
  pages={459--465},
  year={2007},
  publisher={Elsevier}
}


@article{carter2006new,
  title={A new approach to solving the multiple traveling salesperson problem using genetic algorithms},
  author={Carter, Arthur E and Ragsdale, Cliff T},
  journal={European journal of operational research},
  volume={175},
  number={1},
  pages={246--257},
  year={2006},
  publisher={Elsevier}
}

@article{sadiq1999iterative,
  title={Iterative Computer Algorithms with Applications in Engineering: Solving Combinatorial Optimization Problems},
  author={Sadiq, M Sait and Habib, Youssef},
  journal={IEEE, Los Alamitos, CA},
  pages={387},
  year={1999}
}

@article{tan2006fingerprint,
  title={Fingerprint matching by genetic algorithms},
  author={Tan, Xuejun and Bhanu, Bir},
  journal={Pattern Recognition},
  volume={39},
  number={3},
  pages={465--477},
  year={2006},
  publisher={Elsevier}
}

@article{lamport1982byzantine,
  title={The Byzantine Generals Problem},
  author={LAMPORT, LESLIE and SHOSTAK, ROBERT and PEASE, MARSHALL},
  journal={ACM Transactions on Programming Languages and Systems},
  volume={4},
  number={3},
  pages={382--401},
  year={1982}
}